ag1802,20170310,20170310,11:30:00,500,4203,12,4230,4203,4230,-1,63272.5,4252,1,3955,2,44593954240,759270,4215,232,4207,
ag1802,20170310,20170310,11:30:00,500,4203,12,4230,4203,4230,-1,63272.5,4252,1,3955,2,44593954240,759270,4215,232,4207,
ag1802,20170310,20170310,00:09:44,500,4203,12,4230,4203,4230,-1,63272.5,4194,5,4175,1,44593954240,759270,4215,232,4207,
ag1802,20170310,20170310,00:10:08,0,4203,12,4230,4203,4230,-1,63272.5,4194,5,4125,10,44593954240,759270,4215,232,4207,
ag1802,20170310,20170310,00:10:08,500,4203,12,4230,4203,4230,-1,63272.5,4194,5,4125,10,44593954240,759270,4215,232,4207,
ag1802,20170310,20170310,00:10:09,0,4203,12,4230,4203,4230,-1,63272.5,4194,5,4126,10,44593954240,759270,4215,232,4207,
ag1802,20170310,20170310,00:10:09,500,4203,12,4230,4203,4230,-1,63272.5,4194,5,4129,10,44593954240,759270,4215,232,4207,
ag1802,20170310,20170310,00:10:10,0,4203,12,4230,4203,4230,-1,63272.5,4194,5,4129,10,44593954240,759270,4215,232,4207,
ag1802,20170310,20170310,00:10:10,500,4203,12,4230,4203,4230,-1,63272.5,4194,5,4130,11,44593954240,759270,4215,232,4207,
ag1802,20170310,20170310,00:10:11,0,4203,12,4230,4203,4230,-1,63272.5,4194,5,4132,10,44593954240,759270,4215,232,4207,
ag1802,20170310,20170310,00:10:11,500,4203,12,4230,4203,4230,-1,63272.5,4194,5,4132,10,44593954240,759270,4215,232,4207,
ag1802,20170310,20170310,00:10:12,0,4203,12,4230,4203,4230,-1,63272.5,4194,5,4145,1,44593954240,759270,4215,232,4207,
ag1802,20170310,20170310,00:10:12,500,4203,12,4230,4203,4230,-1,63272.5,4194,5,4145,1,44593954240,759270,4215,232,4207,
ag1802,20170310,20170310,00:10:13,0,4203,12,4230,4203,4230,-1,63272.5,4194,5,4145,1,44593954240,759270,4215,232,4207,
ag1802,20170310,20170310,00:10:13,500,4203,12,4230,4203,4230,-1,63272.5,4194,5,4146,1,44593954240,759270,4215,232,4207,
ag1802,20170310,20170310,00:10:14,0,4203,12,4230,4203,4230,-1,63272.5,4194,5,4146,1,44593954240,759270,4215,232,4207,
ag1802,20170310,20170310,00:10:28,0,4203,12,4230,4203,4230,-1,63272.5,4194,7,4146,1,44593954240,759270,4215,232,4207,
ag1802,20170310,20170310,00:10:42,0,4203,12,4230,4203,4230,-1,63272.5,4194,7,4155,1,44593954240,759270,4215,232,4207,
ag1802,20170310,20170310,00:10:42,500,4203,12,4230,4203,4230,-1,63272.5,4194,7,4155,1,44593954240,759270,4215,232,4207,
ag1802,20170310,20170310,00:10:43,0,4203,12,4230,4203,4230,-1,63272.5,4194,7,4156,1,44593954240,759270,4215,232,4207,
ag1802,20170310,20170310,00:10:43,500,4203,12,4230,4203,4230,-1,63272.5,4194,7,4156,1,44593954240,759270,4215,232,4207,
ag1802,20170310,20170310,00:11:04,0,4203,12,4230,4203,4230,-1,63272.5,4194,4,4156,1,44593954240,759270,4215,232,4207,
ag1802,20170310,20170310,00:13:57,500,4203,12,4230,4203,4230,-1,63272.5,4192,2,4170,1,44593954240,759270,4215,232,4207,
ag1802,20170310,20170310,00:14:30,500,4203,12,4230,4203,4230,-1,63272.5,4191,1,4170,1,44593954240,759270,4215,232,4207,
ag1802,20170310,20170310,00:14:31,0,4203,12,4230,4203,4230,-1,63272.5,4191,1,4170,1,44593954240,759270,4215,232,4207,
ag1802,20170310,20170310,00:14:31,500,4203,12,4230,4203,4230,-1,63272.5,4190,2,4170,1,44593954240,759270,4215,232,4207,
ag1802,20170310,20170310,00:14:32,0,4203,12,4230,4203,4230,-1,63272.5,4190,2,4170,1,44593954240,759270,4215,232,4207,
ag1802,20170310,20170310,00:15:20,0,4203,12,4230,4203,4230,-1,63272.5,4190,2,4122,4,44593954240,759270,4215,232,4207,
ag1802,20170310,20170310,00:15:20,500,4203,12,4230,4203,4230,-1,63272.5,4190,2,4123,22,44593954240,759270,4215,232,4207,
ag1802,20170310,20170310,00:15:21,0,4203,12,4230,4203,4230,-1,63272.5,4190,2,4124,1,44593954240,759270,4215,232,4207,
ag1802,20170310,20170310,00:15:21,500,4203,12,4230,4203,4230,-1,63272.5,4190,2,4125,10,44593954240,759270,4215,232,4207,
ag1802,20170310,20170310,00:15:22,0,4203,12,4230,4203,4230,-1,63272.5,4190,2,4126,10,44593954240,759270,4215,232,4207,
ag1802,20170310,20170310,00:15:22,500,4203,12,4230,4203,4230,-1,63272.5,4190,2,4127,11,44593954240,759270,4215,232,4207,
ag1802,20170310,20170310,00:15:23,0,4203,12,4230,4203,4230,-1,63272.5,4190,2,4127,11,44593954240,759270,4215,232,4207,
ag1802,20170310,20170310,00:15:23,500,4203,12,4230,4203,4230,-1,63272.5,4190,2,4128,10,44593954240,759270,4215,232,4207,
ag1802,20170310,20170310,00:15:24,0,4203,12,4230,4203,4230,-1,63272.5,4190,2,4129,10,44593954240,759270,4215,232,4207,
ag1802,20170310,20170310,00:15:24,500,4203,12,4230,4203,4230,-1,63272.5,4190,2,4129,11,44593954240,759270,4215,232,4207,
ag1802,20170310,20170310,00:15:25,0,4203,12,4230,4203,4230,-1,63272.5,4190,2,4130,10,44593954240,759270,4215,232,4207,
ag1802,20170310,20170310,00:15:27,0,4203,12,4230,4203,4230,-1,63272.5,4190,2,4130,10,44593954240,759270,4215,232,4207,
ag1802,20170310,20170310,00:15:27,500,4203,12,4230,4203,4230,-1,63272.5,4190,2,4131,1,44593954240,759270,4215,232,4207,
ag1802,20170310,20170310,00:15:28,0,4203,12,4230,4203,4230,-1,63272.5,4190,2,4131,1,44593954240,759270,4215,232,4207,
ag1802,20170310,20170310,00:15:28,500,4203,12,4230,4203,4230,-1,63272.5,4190,2,4132,10,44593954240,759270,4215,232,4207,
ag1802,20170310,20170310,00:15:29,500,4203,12,4230,4203,4230,-1,63272.5,4190,2,4132,10,44593954240,759270,4215,232,4207,
ag1802,20170310,20170310,00:15:30,500,4203,12,4230,4203,4230,-1,63272.5,4190,2,4133,1,44593954240,759270,4215,232,4207,
ag1802,20170310,20170310,00:15:31,0,4203,12,4230,4203,4230,-1,63272.5,4190,2,4134,10,44593954240,759270,4215,232,4207,
ag1802,20170310,20170310,00:15:32,0,4203,12,4230,4203,4230,-1,63272.5,4190,2,4134,10,44593954240,759270,4215,232,4207,
ag1802,20170310,20170310,00:15:32,500,4203,12,4230,4203,4230,-1,63272.5,4190,2,4135,1,44593954240,759270,4215,232,4207,
ag1802,20170310,20170310,00:15:33,0,4203,12,4230,4203,4230,-1,63272.5,4190,2,4135,1,44593954240,759270,4215,232,4207,
ag1802,20170310,20170310,00:15:33,500,4203,12,4230,4203,4230,-1,63272.5,4190,2,4136,10,44593954240,759270,4215,232,4207,
ag1802,20170310,20170310,00:15:34,0,4203,12,4230,4203,4230,-1,63272.5,4190,2,4137,1,44593954240,759270,4215,232,4207,
ag1802,20170310,20170310,00:15:34,500,4203,12,4230,4203,4230,-1,63272.5,4190,2,4137,1,44593954240,759270,4215,232,4207,
ag1802,20170310,20170310,00:15:35,0,4203,12,4230,4203,4230,-1,63272.5,4190,2,4138,10,44593954240,759270,4215,232,4207,
ag1802,20170310,20170310,00:15:37,500,4203,12,4230,4203,4230,-1,63272.5,4190,2,4138,10,44593954240,759270,4215,232,4207,
ag1802,20170310,20170310,00:15:42,500,4203,12,4230,4203,4230,-1,63272.5,4190,2,4149,1,44593954240,759270,4215,232,4207,
ag1802,20170310,20170310,00:15:43,0,4203,12,4230,4203,4230,-1,63272.5,4190,2,4149,1,44593954240,759270,4215,232,4207,
ag1802,20170310,20170310,00:16:48,500,4203,12,4230,4203,4230,-1,63272.5,4189,1,4149,1,44593954240,759270,4215,232,4207,
ag1802,20170310,20170310,00:16:49,0,4203,12,4230,4203,4230,-1,63272.5,4189,1,4149,1,44593954240,759270,4215,232,4207,
ag1802,20170310,20170310,00:16:49,500,4203,12,4230,4203,4230,-1,63272.5,4188,2,4149,1,44593954240,759270,4215,232,4207,
ag1802,20170310,20170310,00:16:50,0,4203,12,4230,4203,4230,-1,63272.5,4188,2,4149,1,44593954240,759270,4215,232,4207,
