cs1707,20170310,20170310,11:29:46,645,1960,4,1962,1960,1962,-1,19610,1968,2,1923,1,20561862340,78440,1959,338,1959,
cs1707,20170310,20170310,11:29:46,645,1960,4,1962,1960,1962,-1,19610,1968,2,1923,1,20561862340,78440,1959,338,1959,
cs1707,20170310,20170310,00:09:24,500,1960,4,1962,1960,1962,-1,19610,1952,3,1942,1,20561862340,78440,1959,338,1959,
cs1707,20170310,20170310,00:13:29,500,1960,4,1962,1960,1962,-1,19610,1952,3,1943,4,20561862340,78440,1959,338,1959,
cs1707,20170310,20170310,00:14:19,500,1960,4,1962,1960,1962,-1,19610,1952,3,1943,1,20561862340,78440,1959,338,1959,
cs1707,20170310,20170310,00:14:42,0,1960,4,1962,1960,1962,-1,19610,1952,3,1902,1,20561862340,78440,1959,338,1959,
cs1707,20170310,20170310,00:14:42,500,1960,4,1962,1960,1962,-1,19610,1952,3,1904,1,20561862340,78440,1959,338,1959,
cs1707,20170310,20170310,00:14:44,0,1960,4,1962,1960,1962,-1,19610,1952,3,1905,3,20561862340,78440,1959,338,1959,
cs1707,20170310,20170310,00:14:44,500,1960,4,1962,1960,1962,-1,19610,1952,3,1906,1,20561862340,78440,1959,338,1959,
cs1707,20170310,20170310,00:14:46,0,1960,4,1962,1960,1962,-1,19610,1952,3,1907,3,20561862340,78440,1959,338,1959,
cs1707,20170310,20170310,00:14:47,0,1960,4,1962,1960,1962,-1,19610,1952,3,1908,1,20561862340,78440,1959,338,1959,
cs1707,20170310,20170310,00:14:49,500,1960,4,1962,1960,1962,-1,19610,1952,3,1909,3,20561862340,78440,1959,338,1959,
cs1707,20170310,20170310,00:14:50,500,1960,4,1962,1960,1962,-1,19610,1952,3,1910,1,20561862340,78440,1959,338,1959,
cs1707,20170310,20170310,00:14:52,0,1960,4,1962,1960,1962,-1,19610,1952,3,1911,3,20561862340,78440,1959,338,1959,
cs1707,20170310,20170310,00:14:53,0,1960,4,1962,1960,1962,-1,19610,1952,3,1912,1,20561862340,78440,1959,338,1959,
cs1707,20170310,20170310,00:14:54,500,1960,4,1962,1960,1962,-1,19610,1952,3,1913,3,20561862340,78440,1959,338,1959,
cs1707,20170310,20170310,00:14:55,500,1960,4,1962,1960,1962,-1,19610,1952,3,1914,1,20561862340,78440,1959,338,1959,
cs1707,20170310,20170310,00:14:57,500,1960,4,1962,1960,1962,-1,19610,1952,3,1915,3,20561862340,78440,1959,338,1959,
cs1707,20170310,20170310,00:14:58,500,1960,4,1962,1960,1962,-1,19610,1952,3,1916,1,20561862340,78440,1959,338,1959,
cs1707,20170310,20170310,00:15:00,0,1960,4,1962,1960,1962,-1,19610,1952,3,1917,3,20561862340,78440,1959,338,1959,
cs1707,20170310,20170310,00:15:01,0,1960,4,1962,1960,1962,-1,19610,1952,3,1918,1,20561862340,78440,1959,338,1959,
cs1707,20170310,20170310,00:15:03,500,1960,4,1962,1960,1962,-1,19610,1952,3,1919,3,20561862340,78440,1959,338,1959,
cs1707,20170310,20170310,00:15:04,500,1960,4,1962,1960,1962,-1,19610,1952,3,1920,1,20561862340,78440,1959,338,1959,
cs1707,20170310,20170310,00:15:06,0,1960,4,1962,1960,1962,-1,19610,1952,3,1921,3,20561862340,78440,1959,338,1959,
cs1707,20170310,20170310,00:15:07,0,1960,4,1962,1960,1962,-1,19610,1952,3,1922,1,20561862340,78440,1959,338,1959,
cs1707,20170310,20170310,00:15:08,0,1960,4,1962,1960,1962,-1,19610,1952,3,1923,3,20561862340,78440,1959,338,1959,
cs1707,20170310,20170310,00:15:09,0,1960,4,1962,1960,1962,-1,19610,1952,3,1924,1,20561862340,78440,1959,338,1959,
cs1707,20170310,20170310,00:15:11,0,1960,4,1962,1960,1962,-1,19610,1952,3,1924,2,20561862340,78440,1959,338,1959,
cs1707,20170310,20170310,00:15:12,500,1960,4,1962,1960,1962,-1,19610,1952,3,1925,3,20561862340,78440,1959,338,1959,
cs1707,20170310,20170310,00:15:13,500,1960,4,1962,1960,1962,-1,19610,1952,3,1926,1,20561862340,78440,1959,338,1959,
cs1707,20170310,20170310,00:15:14,500,1960,4,1962,1960,1962,-1,19610,1952,3,1927,3,20561862340,78440,1959,338,1959,
cs1707,20170310,20170310,00:15:15,500,1960,4,1962,1960,1962,-1,19610,1952,3,1928,1,20561862340,78440,1959,338,1959,
cs1707,20170310,20170310,00:15:17,0,1960,4,1962,1960,1962,-1,19610,1952,3,1929,3,20561862340,78440,1959,338,1959,
cs1707,20170310,20170310,00:15:17,500,1960,4,1962,1960,1962,-1,19610,1952,3,1930,1,20561862340,78440,1959,338,1959,
cs1707,20170310,20170310,00:15:19,500,1960,4,1962,1960,1962,-1,19610,1952,3,1931,3,20561862340,78440,1959,338,1959,
cs1707,20170310,20170310,00:15:20,0,1960,4,1962,1960,1962,-1,19610,1952,3,1932,1,20561862340,78440,1959,338,1959,
cs1707,20170310,20170310,00:15:21,0,1960,4,1962,1960,1962,-1,19610,1952,3,1933,3,20561862340,78440,1959,338,1959,
cs1707,20170310,20170310,00:15:22,500,1960,4,1962,1960,1962,-1,19610,1952,3,1934,1,20561862340,78440,1959,338,1959,
cs1707,20170310,20170310,00:15:23,500,1960,4,1962,1960,1962,-1,19610,1952,3,1935,3,20561862340,78440,1959,338,1959,
cs1707,20170310,20170310,00:15:24,500,1960,4,1962,1960,1962,-1,19610,1952,3,1936,1,20561862340,78440,1959,338,1959,
cs1707,20170310,20170310,00:15:25,500,1960,4,1962,1960,1962,-1,19610,1952,3,1937,3,20561862340,78440,1959,338,1959,
cs1707,20170310,20170310,00:15:26,0,1960,4,1962,1960,1962,-1,19610,1952,3,1938,1,20561862340,78440,1959,338,1959,
cs1707,20170310,20170310,00:16:05,0,1960,4,1962,1960,1962,-1,19610,1952,3,1939,3,20561862340,78440,1959,338,1959,
cs1707,20170310,20170310,00:16:06,0,1960,4,1962,1960,1962,-1,19610,1952,3,1940,1,20561862340,78440,1959,338,1959,
cs1707,20170310,20170310,00:16:49,0,1960,4,1962,1960,1962,-1,19610,1952,3,1940,4,20561862340,78440,1959,338,1959,
