ni1712,20170310,20170310,11:30:00,500,87050,4,87050,87050,87050,-1,87050,1.79769e+308,0,85800,1,9481082400324,348200,88020,324,88610,
ni1712,20170310,20170310,11:30:00,500,87050,4,87050,87050,87050,-1,87050,1.79769e+308,0,85800,1,9481082400324,348200,88020,324,88610,
ni1712,20170310,20170310,00:09:10,0,86620,8,87050,86620,87050,-1,86835,87620,4,87210,1,9481082400320,694680,88020,324,88610,
ni1712,20170310,20170310,00:10:07,0,86620,8,87050,86620,87050,-1,86835,87610,3,87210,1,9481082400320,694680,88020,324,88610,
ni1712,20170310,20170310,00:10:07,500,86620,8,87050,86620,87050,-1,86835,87610,3,87210,1,9481082400320,694680,88020,324,88610,
ni1712,20170310,20170310,00:10:08,0,86620,8,87050,86620,87050,-1,86835,87600,4,87210,1,9481082400320,694680,88020,324,88610,
ni1712,20170310,20170310,00:13:42,0,86620,8,87050,86620,87050,-1,86835,87560,4,87020,1,9481082400320,694680,88020,324,88610,
ni1712,20170310,20170310,00:14:21,500,86620,8,87050,86620,87050,-1,86835,87560,4,87020,1,9481082400320,694680,88020,324,88610,
ni1712,20170310,20170310,00:15:39,500,86620,8,87050,86620,87050,-1,86835,88340,1,87020,1,9481082400320,694680,88020,324,88610,
ni1712,20170310,20170310,00:15:40,0,86620,8,87050,86620,87050,-1,86835,87970,5,87020,1,9481082400320,694680,88020,324,88610,
ni1712,20170310,20170310,00:15:40,500,86620,8,87050,86620,87050,-1,86835,87620,1,87020,1,9481082400320,694680,88020,324,88610,
ni1712,20170310,20170310,00:15:41,0,86620,8,87050,86620,87050,-1,86835,87610,5,87020,1,9481082400320,694680,88020,324,88610,
ni1712,20170310,20170310,00:15:43,0,86620,8,87050,86620,87050,-1,86835,87600,5,87020,1,9481082400320,694680,88020,324,88610,
ni1712,20170310,20170310,00:15:43,500,86620,8,87050,86620,87050,-1,86835,87600,5,87020,1,9481082400320,694680,88020,324,88610,
ni1712,20170310,20170310,00:15:44,0,86620,8,87050,86620,87050,-1,86835,87600,4,87020,1,9481082400320,694680,88020,324,88610,
ni1712,20170310,20170310,00:15:51,500,86620,8,87050,86620,87050,-1,86835,87590,5,87020,1,9481082400320,694680,88020,324,88610,
ni1712,20170310,20170310,00:15:52,0,86620,8,87050,86620,87050,-1,86835,87590,6,87020,1,9481082400320,694680,88020,324,88610,
ni1712,20170310,20170310,00:15:52,500,86620,8,87050,86620,87050,-1,86835,87590,6,87020,1,9481082400320,694680,88020,324,88610,
ni1712,20170310,20170310,00:15:53,0,86620,8,87050,86620,87050,-1,86835,87580,4,87020,1,9481082400320,694680,88020,324,88610,
ni1712,20170310,20170310,00:15:53,500,86620,8,87050,86620,87050,-1,86835,87580,4,87020,1,9481082400320,694680,88020,324,88610,
ni1712,20170310,20170310,00:15:54,0,86620,8,87050,86620,87050,-1,86835,87570,1,87020,1,9481082400320,694680,88020,324,88610,
ni1712,20170310,20170310,00:15:54,500,86620,8,87050,86620,87050,-1,86835,87580,4,87020,1,9481082400320,694680,88020,324,88610,
ni1712,20170310,20170310,00:15:55,0,86620,8,87050,86620,87050,-1,86835,87880,1,87020,1,9481082400320,694680,88020,324,88610,
ni1712,20170310,20170310,00:15:55,500,86620,8,87050,86620,87050,-1,86835,87740,5,87020,1,9481082400320,694680,88020,324,88610,
ni1712,20170310,20170310,00:15:56,0,86620,8,87050,86620,87050,-1,86835,87640,1,87020,1,9481082400320,694680,88020,324,88610,
ni1712,20170310,20170310,00:15:56,500,86620,8,87050,86620,87050,-1,86835,87610,5,87020,1,9481082400320,694680,88020,324,88610,
ni1712,20170310,20170310,00:15:57,0,86620,8,87050,86620,87050,-1,86835,87610,5,87020,1,9481082400320,694680,88020,324,88610,
ni1712,20170310,20170310,00:15:57,500,86620,8,87050,86620,87050,-1,86835,87600,1,87020,1,9481082400320,694680,88020,324,88610,
ni1712,20170310,20170310,00:15:58,0,86620,8,87050,86620,87050,-1,86835,87600,4,87020,1,9481082400320,694680,88020,324,88610,
ni1712,20170310,20170310,00:16:17,0,86620,8,87050,86620,87050,-1,86835,87600,4,87020,1,9481082400320,694680,88020,324,88610,
ni1712,20170310,20170310,00:16:37,0,86620,8,87050,86620,87050,-1,86835,87600,4,87010,4,9481082400320,694680,88020,324,88610,
ni1712,20170310,20170310,00:16:37,500,86620,8,87050,86620,87050,-1,86835,87600,4,87020,1,9481082400320,694680,88020,324,88610,
