zn1712,20170310,20170310,11:30:00,500,21995,6,21995,21745,21745,-1,109150,22100,1,21750,1,2347520400276,654900,21670,276,21940,
zn1712,20170310,20170310,11:30:00,500,21995,6,21995,21745,21745,-1,109150,22100,1,21750,1,2347520400276,654900,21670,276,21940,
zn1712,20170310,20170310,00:09:31,500,22005,8,22005,21745,21745,-1,109369,21960,1,21880,2,2347520400276,874950,21670,276,21940,
zn1712,20170310,20170310,00:13:59,500,22005,8,22005,21745,21745,-1,109369,21955,1,21825,2,2347520400276,874950,21670,276,21940,
zn1712,20170310,20170310,00:14:00,500,22005,8,22005,21745,21745,-1,109369,21955,1,21825,2,2347520400276,874950,21670,276,21940,
zn1712,20170310,20170310,00:14:01,0,22005,8,22005,21745,21745,-1,109369,21955,1,21830,1,2347520400276,874950,21670,276,21940,
zn1712,20170310,20170310,00:14:01,500,22005,8,22005,21745,21745,-1,109369,21955,1,21835,2,2347520400276,874950,21670,276,21940,
zn1712,20170310,20170310,00:14:05,500,22005,8,22005,21745,21745,-1,109369,21955,1,21835,2,2347520400276,874950,21670,276,21940,
zn1712,20170310,20170310,00:14:06,0,22005,8,22005,21745,21745,-1,109369,21955,1,21840,1,2347520400276,874950,21670,276,21940,
zn1712,20170310,20170310,00:14:06,500,22005,8,22005,21745,21745,-1,109369,21955,1,21845,2,2347520400276,874950,21670,276,21940,
zn1712,20170310,20170310,00:14:11,0,22005,8,22005,21745,21745,-1,109369,21955,1,21845,2,2347520400276,874950,21670,276,21940,
zn1712,20170310,20170310,00:14:11,500,22005,8,22005,21745,21745,-1,109369,21955,1,21850,1,2347520400276,874950,21670,276,21940,
zn1712,20170310,20170310,00:14:12,0,22005,8,22005,21745,21745,-1,109369,21955,1,21855,2,2347520400276,874950,21670,276,21940,
zn1712,20170310,20170310,00:14:13,0,22005,8,22005,21745,21745,-1,109369,21955,1,21855,2,2347520400276,874950,21670,276,21940,
zn1712,20170310,20170310,00:14:13,500,22005,8,22005,21745,21745,-1,109369,21955,1,21860,1,2347520400276,874950,21670,276,21940,
zn1712,20170310,20170310,00:14:14,0,22005,8,22005,21745,21745,-1,109369,21955,1,21865,2,2347520400276,874950,21670,276,21940,
zn1712,20170310,20170310,00:14:15,500,22005,8,22005,21745,21745,-1,109369,21955,1,21865,2,2347520400276,874950,21670,276,21940,
zn1712,20170310,20170310,00:14:21,0,22005,8,22005,21745,21745,-1,109369,21955,1,21865,2,2347520400276,874950,21670,276,21940,
zn1712,20170310,20170310,00:15:09,0,22005,8,22005,21745,21745,-1,109369,21955,1,21865,3,2347520400276,874950,21670,276,21940,
zn1712,20170310,20170310,00:15:10,500,22005,8,22005,21745,21745,-1,109369,21955,1,21865,2,2347520400276,874950,21670,276,21940,
zn1712,20170310,20170310,00:15:24,500,22005,8,22005,21745,21745,-1,109369,21955,1,21865,3,2347520400276,874950,21670,276,21940,
zn1712,20170310,20170310,00:15:36,500,22005,8,22005,21745,21745,-1,109369,21955,1,21865,2,2347520400276,874950,21670,276,21940,
zn1712,20170310,20170310,00:15:37,0,22005,8,22005,21745,21745,-1,109369,21955,1,21870,1,2347520400276,874950,21670,276,21940,
zn1712,20170310,20170310,00:15:37,500,22005,8,22005,21745,21745,-1,109369,21955,1,21875,2,2347520400276,874950,21670,276,21940,
zn1712,20170310,20170310,00:15:38,500,22005,8,22005,21745,21745,-1,109369,22000,1,21875,2,2347520400276,874950,21670,276,21940,
zn1712,20170310,20170310,00:15:39,0,22005,8,22005,21745,21745,-1,109369,21995,2,21875,2,2347520400276,874950,21670,276,21940,
zn1712,20170310,20170310,00:15:40,0,22005,8,22005,21745,21745,-1,109369,21990,2,21875,2,2347520400276,874950,21670,276,21940,
zn1712,20170310,20170310,00:15:40,500,22005,8,22005,21745,21745,-1,109369,21985,1,21875,2,2347520400276,874950,21670,276,21940,
zn1712,20170310,20170310,00:15:41,0,22005,8,22005,21745,21745,-1,109369,21985,2,21875,2,2347520400276,874950,21670,276,21940,
zn1712,20170310,20170310,00:15:41,500,22005,8,22005,21745,21745,-1,109369,21985,2,21875,2,2347520400276,874950,21670,276,21940,
zn1712,20170310,20170310,00:15:42,0,22005,8,22005,21745,21745,-1,109369,21980,2,21875,2,2347520400276,874950,21670,276,21940,
zn1712,20170310,20170310,00:15:42,500,22005,8,22005,21745,21745,-1,109369,21980,2,21875,2,2347520400276,874950,21670,276,21940,
zn1712,20170310,20170310,00:15:43,0,22005,8,22005,21745,21745,-1,109369,21975,1,21875,2,2347520400276,874950,21670,276,21940,
zn1712,20170310,20170310,00:15:43,500,22005,8,22005,21745,21745,-1,109369,21975,1,21875,2,2347520400276,874950,21670,276,21940,
zn1712,20170310,20170310,00:15:44,0,22005,8,22005,21745,21745,-1,109369,21970,2,21875,2,2347520400276,874950,21670,276,21940,
zn1712,20170310,20170310,00:15:44,500,22005,8,22005,21745,21745,-1,109369,21970,2,21875,2,2347520400276,874950,21670,276,21940,
zn1712,20170310,20170310,00:15:45,0,22005,8,22005,21745,21745,-1,109369,21965,1,21875,2,2347520400276,874950,21670,276,21940,
zn1712,20170310,20170310,00:16:05,0,22005,8,22005,21745,21745,-1,109369,21965,1,21875,3,2347520400276,874950,21670,276,21940,
zn1712,20170310,20170310,00:16:06,500,22005,8,22005,21745,21745,-1,109369,22000,1,21875,2,2347520400276,874950,21670,276,21940,
zn1712,20170310,20170310,00:16:07,0,22005,8,22005,21745,21745,-1,109369,21995,2,21880,1,2347520400276,874950,21670,276,21940,
zn1712,20170310,20170310,00:16:07,500,22005,8,22005,21745,21745,-1,109369,21995,2,21885,2,2347520400276,874950,21670,276,21940,
zn1712,20170310,20170310,00:16:08,500,22005,8,22005,21745,21745,-1,109369,21995,2,21885,2,2347520400276,874950,21670,276,21940,
zn1712,20170310,20170310,00:16:09,0,22005,8,22005,21745,21745,-1,109369,21995,2,21885,3,2347520400276,874950,21670,276,21940,
zn1712,20170310,20170310,00:16:11,0,22005,8,22005,21745,21745,-1,109369,21995,1,21885,3,2347520400276,874950,21670,276,21940,
zn1712,20170310,20170310,00:16:12,0,22005,8,22005,21745,21745,-1,109369,21995,1,21885,2,2347520400276,874950,21670,276,21940,
zn1712,20170310,20170310,00:16:12,500,22005,8,22005,21745,21745,-1,109369,21995,1,21890,1,2347520400276,874950,21670,276,21940,
zn1712,20170310,20170310,00:16:13,0,22005,8,22005,21745,21745,-1,109369,21995,1,21895,2,2347520400276,874950,21670,276,21940,
zn1712,20170310,20170310,00:16:14,0,22005,8,22005,21745,21745,-1,109369,21995,1,21895,2,2347520400276,874950,21670,276,21940,
zn1712,20170310,20170310,00:16:19,500,22005,8,22005,21745,21745,-1,109369,21995,1,21900,1,2347520400276,874950,21670,276,21940,
zn1712,20170310,20170310,00:16:20,0,22005,8,22005,21745,21745,-1,109369,21995,1,21905,2,2347520400276,874950,21670,276,21940,
zn1712,20170310,20170310,00:16:21,0,22005,8,22005,21745,21745,-1,109369,21995,1,21905,2,2347520400276,874950,21670,276,21940,
zn1712,20170310,20170310,00:16:21,500,22005,8,22005,21745,21745,-1,109369,21995,1,21905,3,2347520400276,874950,21670,276,21940,
zn1712,20170310,20170310,00:16:23,0,22005,8,22005,21745,21745,-1,109369,21995,1,21905,3,2347520400276,874950,21670,276,21940,
zn1712,20170310,20170310,00:16:23,500,22005,8,22005,21745,21745,-1,109369,21995,1,21905,2,2347520400276,874950,21670,276,21940,
zn1712,20170310,20170310,00:16:24,0,22005,8,22005,21745,21745,-1,109369,21995,1,21905,3,2347520400276,874950,21670,276,21940,
zn1712,20170310,20170310,00:16:26,500,22005,8,22005,21745,21745,-1,109369,21995,1,21905,2,2347520400276,874950,21670,276,21940,
zn1712,20170310,20170310,00:16:27,0,22005,8,22005,21745,21745,-1,109369,21995,1,21910,1,2347520400276,874950,21670,276,21940,
zn1712,20170310,20170310,00:16:27,500,22005,8,22005,21745,21745,-1,109369,21995,1,21915,2,2347520400276,874950,21670,276,21940,
zn1712,20170310,20170310,00:16:28,500,22005,8,22005,21745,21745,-1,109369,21995,1,21915,2,2347520400276,874950,21670,276,21940,
zn1712,20170310,20170310,00:16:48,0,22005,8,22005,21745,21745,-1,109369,22000,1,21915,2,2347520400276,874950,21670,276,21940,
zn1712,20170310,20170310,00:16:48,500,22005,8,22005,21745,21745,-1,109369,22000,2,21915,3,2347520400276,874950,21670,276,21940,
zn1712,20170310,20170310,00:16:52,500,22005,8,22005,21745,21745,-1,109369,22000,1,21915,2,2347520400276,874950,21670,276,21940,
