rb1712,20170310,20170309,23:58:48,500,3129,2,3129,3129,3129,-1,31290,3164,2,3150,2,33692928458,62580,3124,460,3149,
rb1712,20170310,20170309,23:58:54,500,3129,2,3129,3129,3129,-1,31290,3164,2,3150,1,33692928458,62580,3124,460,3149,
rb1712,20170310,20170309,23:59:01,0,3129,2,3129,3129,3129,-1,31290,3164,2,3150,1,33692928458,62580,3124,460,3149,
rb1712,20170310,20170309,23:59:16,0,3129,2,3129,3129,3129,-1,31290,3164,2,3150,2,33692928458,62580,3124,460,3149,
rb1712,20170310,20170309,23:59:17,500,3129,2,3129,3129,3129,-1,31290,3164,2,3150,1,33692928458,62580,3124,460,3149,
rb1712,20170310,20170309,23:59:20,0,3129,2,3129,3129,3129,-1,31290,3164,2,3150,2,33692928458,62580,3124,460,3149,
rb1712,20170310,20170309,23:59:27,0,3129,2,3129,3129,3129,-1,31290,3164,2,3150,1,33692928458,62580,3124,460,3149,
rb1712,20170310,20170309,23:59:29,500,3129,2,3129,3129,3129,-1,31290,3164,2,3150,2,33692928458,62580,3124,460,3149,
rb1712,20170310,20170309,23:59:34,0,3129,2,3129,3129,3129,-1,31290,3163,1,3150,2,33692928458,62580,3124,460,3149,
rb1712,20170310,20170309,23:59:34,500,3129,2,3129,3129,3129,-1,31290,3163,1,3150,2,33692928458,62580,3124,460,3149,
rb1712,20170310,20170309,23:59:35,0,3129,2,3129,3129,3129,-1,31290,3162,2,3150,2,33692928458,62580,3124,460,3149,
rb1712,20170310,20170309,23:59:35,500,3129,2,3129,3129,3129,-1,31290,3162,2,3150,2,33692928458,62580,3124,460,3149,
rb1712,20170310,20170309,23:59:37,500,3129,2,3129,3129,3129,-1,31290,3193,8,3150,2,33692928458,62580,3124,460,3149,
rb1712,20170310,20170309,23:59:38,0,3129,2,3129,3129,3129,-1,31290,3188,2,3150,2,33692928458,62580,3124,460,3149,
rb1712,20170310,20170309,23:59:38,500,3129,2,3129,3129,3129,-1,31290,3185,8,3150,1,33692928458,62580,3124,460,3149,
rb1712,20170310,20170309,23:59:39,0,3129,2,3129,3129,3129,-1,31290,3184,2,3150,1,33692928458,62580,3124,460,3149,
rb1712,20170310,20170309,23:59:39,500,3129,2,3129,3129,3129,-1,31290,3184,2,3150,1,33692928458,62580,3124,460,3149,
rb1712,20170310,20170309,23:59:40,0,3129,2,3129,3129,3129,-1,31290,3183,3,3150,1,33692928458,62580,3124,460,3149,
rb1712,20170310,20170309,23:59:40,500,3129,2,3129,3129,3129,-1,31290,3182,1,3150,1,33692928458,62580,3124,460,3149,
rb1712,20170310,20170309,23:59:41,500,3129,2,3129,3129,3129,-1,31290,3181,1,3150,1,33692928458,62580,3124,460,3149,
rb1712,20170310,20170309,23:59:42,0,3129,2,3129,3129,3129,-1,31290,3180,1,3150,1,33692928458,62580,3124,460,3149,
rb1712,20170310,20170309,23:59:43,0,3129,2,3129,3129,3129,-1,31290,3180,1,3150,1,33692928458,62580,3124,460,3149,
rb1712,20170310,20170309,23:59:43,500,3129,2,3129,3129,3129,-1,31290,3179,1,3150,1,33692928458,62580,3124,460,3149,
rb1712,20170310,20170309,23:59:44,0,3129,2,3129,3129,3129,-1,31290,3178,1,3150,1,33692928458,62580,3124,460,3149,
rb1712,20170310,20170309,23:59:44,500,3129,2,3129,3129,3129,-1,31290,3177,2,3150,1,33692928458,62580,3124,460,3149,
rb1712,20170310,20170309,23:59:45,0,3129,2,3129,3129,3129,-1,31290,3176,9,3150,1,33692928458,62580,3124,460,3149,
rb1712,20170310,20170309,23:59:45,500,3129,2,3129,3129,3129,-1,31290,3175,1,3150,1,33692928458,62580,3124,460,3149,
rb1712,20170310,20170309,23:59:46,0,3129,2,3129,3129,3129,-1,31290,3174,1,3150,1,33692928458,62580,3124,460,3149,
rb1712,20170310,20170309,23:59:46,500,3129,2,3129,3129,3129,-1,31290,3173,2,3150,1,33692928458,62580,3124,460,3149,
rb1712,20170310,20170309,23:59:47,0,3129,2,3129,3129,3129,-1,31290,3173,2,3150,1,33692928458,62580,3124,460,3149,
rb1712,20170310,20170309,23:59:47,500,3129,2,3129,3129,3129,-1,31290,3172,1,3150,1,33692928458,62580,3124,460,3149,
rb1712,20170310,20170309,23:59:48,0,3129,2,3129,3129,3129,-1,31290,3172,1,3150,1,33692928458,62580,3124,460,3149,
rb1712,20170310,20170309,23:59:48,500,3129,2,3129,3129,3129,-1,31290,3171,2,3150,1,33692928458,62580,3124,460,3149,
rb1712,20170310,20170309,23:59:49,500,3129,2,3129,3129,3129,-1,31290,3171,2,3150,1,33692928458,62580,3124,460,3149,
rb1712,20170310,20170309,23:59:50,0,3129,2,3129,3129,3129,-1,31290,3170,1,3150,1,33692928458,62580,3124,460,3149,
rb1712,20170310,20170309,23:59:50,500,3129,2,3129,3129,3129,-1,31290,3170,1,3150,1,33692928458,62580,3124,460,3149,
rb1712,20170310,20170309,23:59:51,0,3129,2,3129,3129,3129,-1,31290,3169,2,3150,1,33692928458,62580,3124,460,3149,
rb1712,20170310,20170309,23:59:51,500,3129,2,3129,3129,3129,-1,31290,3169,2,3150,1,33692928458,62580,3124,460,3149,
rb1712,20170310,20170309,23:59:52,0,3129,2,3129,3129,3129,-1,31290,3169,2,3151,1,33692928458,62580,3124,460,3149,
rb1712,20170310,20170309,23:59:52,500,3129,2,3129,3129,3129,-1,31290,3168,1,3150,1,33692928458,62580,3124,460,3149,
rb1712,20170310,20170309,23:59:53,0,3129,2,3129,3129,3129,-1,31290,3168,1,3150,1,33692928458,62580,3124,460,3149,
rb1712,20170310,20170309,23:59:53,500,3129,2,3129,3129,3129,-1,31290,3167,2,3150,1,33692928458,62580,3124,460,3149,
rb1712,20170310,20170309,23:59:54,0,3129,2,3129,3129,3129,-1,31290,3167,2,3150,1,33692928458,62580,3124,460,3149,
rb1712,20170310,20170309,23:59:55,0,3129,2,3129,3129,3129,-1,31290,3167,2,3150,1,33692928458,62580,3124,460,3149,
rb1712,20170310,20170309,23:59:59,0,3129,2,3129,3129,3129,-1,31290,3167,2,3150,1,33692928458,62580,3124,460,3149,
rb1712,20170310,20170310,00:00:00,500,3129,2,3129,3129,3129,-1,31290,3167,2,3151,1,33692928458,62580,3124,460,3149,
rb1712,20170310,20170310,00:00:01,0,3129,2,3129,3129,3129,-1,31290,3167,2,3151,1,33692928458,62580,3124,460,3149,
rb1712,20170310,20170310,00:00:01,500,3129,2,3129,3129,3129,-1,31290,3167,2,3136,6,33692928458,62580,3124,460,3149,
rb1712,20170310,20170310,00:00:02,0,3129,2,3129,3129,3129,-1,31290,3167,2,3137,2,33692928458,62580,3124,460,3149,
rb1712,20170310,20170310,00:00:02,500,3129,2,3129,3129,3129,-1,31290,3167,2,3137,5,33692928458,62580,3124,460,3149,
rb1712,20170310,20170310,00:00:04,0,3129,2,3129,3129,3129,-1,31290,3167,2,3138,1,33692928458,62580,3124,460,3149,
rb1712,20170310,20170310,00:00:04,500,3129,2,3129,3129,3129,-1,31290,3167,2,3137,3,33692928458,62580,3124,460,3149,
rb1712,20170310,20170310,00:00:05,0,3129,2,3129,3129,3129,-1,31290,3167,2,3139,2,33692928458,62580,3124,460,3149,
rb1712,20170310,20170310,00:00:05,500,3129,2,3129,3129,3129,-1,31290,3167,2,3139,2,33692928458,62580,3124,460,3149,
rb1712,20170310,20170310,00:00:06,0,3129,2,3129,3129,3129,-1,31290,3167,2,3139,2,33692928458,62580,3124,460,3149,
rb1712,20170310,20170310,00:00:06,500,3129,2,3129,3129,3129,-1,31290,3167,2,3140,4,33692928458,62580,3124,460,3149,
rb1712,20170310,20170310,00:00:07,0,3129,2,3129,3129,3129,-1,31290,3167,2,3140,4,33692928458,62580,3124,460,3149,
rb1712,20170310,20170310,00:00:07,500,3129,2,3129,3129,3129,-1,31290,3167,2,3140,6,33692928458,62580,3124,460,3149,
rb1712,20170310,20170310,00:00:14,500,3129,2,3129,3129,3129,-1,31290,3167,2,3140,5,33692928458,62580,3124,460,3149,
rb1712,20170310,20170310,00:00:18,500,3129,2,3129,3129,3129,-1,31290,3167,2,3141,1,33692928458,62580,3124,460,3149,
rb1712,20170310,20170310,00:00:19,0,3129,2,3129,3129,3129,-1,31290,3167,2,3141,1,33692928458,62580,3124,460,3149,
rb1712,20170310,20170310,00:00:19,500,3129,2,3129,3129,3129,-1,31290,3167,2,3142,1,33692928458,62580,3124,460,3149,
rb1712,20170310,20170310,00:00:20,0,3129,2,3129,3129,3129,-1,31290,3167,2,3142,3,33692928458,62580,3124,460,3149,
rb1712,20170310,20170310,00:00:22,500,3129,2,3129,3129,3129,-1,31290,3167,2,3143,1,33692928458,62580,3124,460,3149,
rb1712,20170310,20170310,00:00:23,500,3129,2,3129,3129,3129,-1,31290,3167,2,3143,1,33692928458,62580,3124,460,3149,
rb1712,20170310,20170310,00:00:24,0,3129,2,3129,3129,3129,-1,31290,3167,2,3144,3,33692928458,62580,3124,460,3149,
rb1712,20170310,20170310,00:00:24,500,3129,2,3129,3129,3129,-1,31290,3167,2,3144,3,33692928458,62580,3124,460,3149,
rb1712,20170310,20170310,03:00:40,500,3129,2,3129,3129,3129,-1,31290,3165,2,3149,1,33692928458,62580,3124,460,3149,
rb1712,20170310,20170310,03:00:44,500,3129,2,3129,3129,3129,-1,31290,3165,2,3149,1,33692928458,62580,3124,460,3149,
rb1712,20170310,20170310,03:00:45,0,3129,2,3129,3129,3129,-1,31290,3165,2,3149,1,33692928458,62580,3124,460,3149,
rb1712,20170310,20170310,03:00:45,500,3129,2,3129,3129,3129,-1,31290,3165,2,3137,2,33692928458,62580,3124,460,3149,
rb1712,20170310,20170310,03:00:46,0,3129,2,3129,3129,3129,-1,31290,3165,2,3138,2,33692928458,62580,3124,460,3149,
rb1712,20170310,20170310,03:00:46,500,3129,2,3129,3129,3129,-1,31290,3165,2,3138,3,33692928458,62580,3124,460,3149,
rb1712,20170310,20170310,03:00:47,0,3129,2,3129,3129,3129,-1,31290,3165,2,3138,5,33692928458,62580,3124,460,3149,
rb1712,20170310,20170310,03:00:47,500,3129,2,3129,3129,3129,-1,31290,3164,1,3138,5,33692928458,62580,3124,460,3149,
rb1712,20170310,20170310,03:00:48,0,3129,2,3129,3129,3129,-1,31290,3164,1,3138,5,33692928458,62580,3124,460,3149,
rb1712,20170310,20170310,03:00:48,500,3129,2,3129,3129,3129,-1,31290,3163,2,3138,5,33692928458,62580,3124,460,3149,
rb1712,20170310,20170310,03:00:49,0,3129,2,3129,3129,3129,-1,31290,3163,2,3138,5,33692928458,62580,3124,460,3149,
rb1712,20170310,20170310,03:00:50,0,3129,2,3129,3129,3129,-1,31290,3163,2,3138,3,33692928458,62580,3124,460,3149,
rb1712,20170310,20170310,03:01:04,0,3129,2,3129,3129,3129,-1,31290,3163,2,3139,2,33692928458,62580,3124,460,3149,
rb1712,20170310,20170310,03:01:05,0,3129,2,3129,3129,3129,-1,31290,3163,2,3139,2,33692928458,62580,3124,460,3149,
rb1712,20170310,20170310,03:01:05,500,3129,2,3129,3129,3129,-1,31290,3163,2,3140,3,33692928458,62580,3124,460,3149,
rb1712,20170310,20170310,03:01:06,0,3129,2,3129,3129,3129,-1,31290,3163,2,3140,3,33692928458,62580,3124,460,3149,
rb1712,20170310,20170310,03:01:06,500,3129,2,3129,3129,3129,-1,31290,3163,2,3140,3,33692928458,62580,3124,460,3149,
rb1712,20170310,20170310,03:01:08,0,3129,2,3129,3129,3129,-1,31290,3163,2,3140,5,33692928458,62580,3124,460,3149,
rb1712,20170310,20170310,03:01:10,500,3129,2,3129,3129,3129,-1,31290,3163,2,3140,3,33692928458,62580,3124,460,3149,
rb1712,20170310,20170310,03:01:11,500,3129,2,3129,3129,3129,-1,31290,3163,2,3140,3,33692928458,62580,3124,460,3149,
rb1712,20170310,20170310,03:01:13,0,3129,2,3129,3129,3129,-1,31290,3163,2,3141,2,33692928458,62580,3124,460,3149,
rb1712,20170310,20170310,03:01:14,0,3129,2,3129,3129,3129,-1,31290,3163,2,3141,2,33692928458,62580,3124,460,3149,
rb1712,20170310,20170310,03:01:14,500,3129,2,3129,3129,3129,-1,31290,3163,2,3142,2,33692928458,62580,3124,460,3149,
rb1712,20170310,20170310,03:01:15,0,3129,2,3129,3129,3129,-1,31290,3163,2,3142,3,33692928458,62580,3124,460,3149,
rb1712,20170310,20170310,03:01:15,500,3129,2,3129,3129,3129,-1,31290,3163,2,3142,3,33692928458,62580,3124,460,3149,
rb1712,20170310,20170310,03:01:19,0,3129,2,3129,3129,3129,-1,31290,3163,2,3142,4,33692928458,62580,3124,460,3149,
rb1712,20170310,20170310,03:01:20,0,3129,2,3129,3129,3129,-1,31290,3163,2,3142,3,33692928458,62580,3124,460,3149,
rb1712,20170310,20170310,01:52:46,500,3129,2,3129,3129,3129,-1,31290,3173,8,3148,1,33692928458,62580,3124,460,3149,
rb1712,20170310,20170310,01:52:47,0,3129,2,3129,3129,3129,-1,31290,3172,3,3148,1,33692928458,62580,3124,460,3149,
rb1712,20170310,20170310,01:52:56,500,3129,2,3129,3129,3129,-1,31290,3172,3,3148,1,33692928458,62580,3124,460,3149,
rb1712,20170310,20170310,01:53:05,500,3129,2,3129,3129,3129,-1,31290,3172,3,3148,1,33692928458,62580,3124,460,3149,
rb1712,20170310,20170310,01:53:08,0,3129,2,3129,3129,3129,-1,31290,3172,3,3148,1,33692928458,62580,3124,460,3149,
rb1712,20170310,20170310,01:53:11,0,3129,2,3129,3129,3129,-1,31290,3172,3,3148,1,33692928458,62580,3124,460,3149,
rb1712,20170310,20170310,01:53:12,0,3129,2,3129,3129,3129,-1,31290,3172,2,3148,1,33692928458,62580,3124,460,3149,
rb1712,20170310,20170310,01:53:13,500,3129,2,3129,3129,3129,-1,31290,3172,2,3148,1,33692928458,62580,3124,460,3149,
rb1712,20170310,20170310,01:53:19,0,3129,2,3129,3129,3129,-1,31290,3172,2,3149,1,33692928458,62580,3124,460,3149,
rb1712,20170310,20170310,01:53:19,500,3129,2,3129,3129,3129,-1,31290,3172,2,3149,1,33692928458,62580,3124,460,3149,
rb1712,20170310,20170310,01:53:20,0,3129,2,3129,3129,3129,-1,31290,3172,2,3150,1,33692928458,62580,3124,460,3149,
rb1712,20170310,20170310,01:53:20,500,3129,2,3129,3129,3129,-1,31290,3172,2,3150,1,33692928458,62580,3124,460,3149,
rb1712,20170310,20170310,01:53:23,0,3129,2,3129,3129,3129,-1,31290,3172,2,3151,1,33692928458,62580,3124,460,3149,
rb1712,20170310,20170310,01:53:24,0,3129,2,3129,3129,3129,-1,31290,3172,2,3151,1,33692928458,62580,3124,460,3149,
rb1712,20170310,20170310,01:53:24,500,3129,2,3129,3129,3129,-1,31290,3172,2,3152,1,33692928458,62580,3124,460,3149,
rb1712,20170310,20170310,01:53:25,0,3129,2,3129,3129,3129,-1,31290,3172,2,3152,1,33692928458,62580,3124,460,3149,
rb1712,20170310,20170310,01:53:28,0,3129,2,3129,3129,3129,-1,31290,3171,1,3152,1,33692928458,62580,3124,460,3149,
rb1712,20170310,20170310,01:53:28,500,3129,2,3129,3129,3129,-1,31290,3171,1,3152,1,33692928458,62580,3124,460,3149,
rb1712,20170310,20170310,01:53:29,0,3129,2,3129,3129,3129,-1,31290,3170,2,3152,1,33692928458,62580,3124,460,3149,
rb1712,20170310,20170310,01:53:31,0,3129,2,3129,3129,3129,-1,31290,3170,2,3137,2,33692928458,62580,3124,460,3149,
rb1712,20170310,20170310,01:53:31,500,3129,2,3129,3129,3129,-1,31290,3170,2,3138,8,33692928458,62580,3124,460,3149,
rb1712,20170310,20170310,01:53:32,0,3129,2,3129,3129,3129,-1,31290,3170,2,3138,8,33692928458,62580,3124,460,3149,
rb1712,20170310,20170310,01:53:32,500,3129,2,3129,3129,3129,-1,31290,3170,2,3138,8,33692928458,62580,3124,460,3149,
rb1712,20170310,20170310,01:53:33,500,3129,2,3129,3129,3129,-1,31290,3170,2,3139,2,33692928458,62580,3124,460,3149,
rb1712,20170310,20170310,01:53:34,0,3129,2,3129,3129,3129,-1,31290,3170,2,3139,3,33692928458,62580,3124,460,3149,
rb1712,20170310,20170310,01:53:34,500,3129,2,3129,3129,3129,-1,31290,3170,2,3140,2,33692928458,62580,3124,460,3149,
rb1712,20170310,20170310,01:53:35,0,3129,2,3129,3129,3129,-1,31290,3170,2,3140,2,33692928458,62580,3124,460,3149,
rb1712,20170310,20170310,01:53:35,500,3129,2,3129,3129,3129,-1,31290,3170,2,3141,2,33692928458,62580,3124,460,3149,
rb1712,20170310,20170310,01:53:36,0,3129,2,3129,3129,3129,-1,31290,3170,2,3141,3,33692928458,62580,3124,460,3149,
rb1712,20170310,20170310,01:53:36,500,3129,2,3129,3129,3129,-1,31290,3170,2,3142,2,33692928458,62580,3124,460,3149,
rb1712,20170310,20170310,01:53:37,0,3129,2,3129,3129,3129,-1,31290,3170,2,3142,2,33692928458,62580,3124,460,3149,
rb1712,20170310,20170310,01:53:37,500,3129,2,3129,3129,3129,-1,31290,3170,2,3143,2,33692928458,62580,3124,460,3149,
rb1712,20170310,20170310,01:53:38,0,3129,2,3129,3129,3129,-1,31290,3170,2,3143,3,33692928458,62580,3124,460,3149,
rb1712,20170310,20170310,01:53:40,0,3129,2,3129,3129,3129,-1,31290,3170,2,3144,1,33692928458,62580,3124,460,3149,
rb1712,20170310,20170310,01:53:40,500,3129,2,3129,3129,3129,-1,31290,3170,2,3143,5,33692928458,62580,3124,460,3149,
rb1712,20170310,20170310,01:53:41,500,3129,2,3129,3129,3129,-1,31290,3170,2,3143,3,33692928458,62580,3124,460,3149,
rb1712,20170310,20170310,01:53:43,0,3129,2,3129,3129,3129,-1,31290,3170,2,3144,1,33692928458,62580,3124,460,3149,
rb1712,20170310,20170310,01:53:43,500,3129,2,3129,3129,3129,-1,31290,3170,2,3145,3,33692928458,62580,3124,460,3149,
rb1712,20170310,20170310,01:53:44,0,3129,2,3129,3129,3129,-1,31290,3170,2,3145,3,33692928458,62580,3124,460,3149,
rb1712,20170310,20170310,01:53:46,500,3129,2,3129,3129,3129,-1,31290,3170,2,3146,1,33692928458,62580,3124,460,3149,
rb1712,20170310,20170310,01:53:47,0,3129,2,3129,3129,3129,-1,31290,3170,2,3145,3,33692928458,62580,3124,460,3149,
rb1712,20170310,20170310,01:53:53,500,3129,2,3129,3129,3129,-1,31290,3170,2,3146,1,33692928458,62580,3124,460,3149,
rb1712,20170310,20170310,01:53:54,0,3129,2,3129,3129,3129,-1,31290,3170,2,3145,3,33692928458,62580,3124,460,3149,
rb1712,20170310,20170310,01:53:56,0,3129,2,3129,3129,3129,-1,31290,3170,2,3146,1,33692928458,62580,3124,460,3149,
rb1712,20170310,20170310,01:53:56,500,3129,2,3129,3129,3129,-1,31290,3170,2,3146,1,33692928458,62580,3124,460,3149,
rb1712,20170310,20170310,01:53:57,0,3129,2,3129,3129,3129,-1,31290,3170,2,3146,1,33692928458,62580,3124,460,3149,
rb1712,20170310,20170310,01:53:57,500,3129,2,3129,3129,3129,-1,31290,3170,2,3147,1,33692928458,62580,3124,460,3149,
rb1712,20170310,20170310,01:53:58,0,3129,2,3129,3129,3129,-1,31290,3170,2,3147,1,33692928458,62580,3124,460,3149,
rb1712,20170310,20170310,01:54:00,500,3129,2,3129,3129,3129,-1,31290,3170,2,3148,1,33692928458,62580,3124,460,3149,
rb1712,20170310,20170310,01:54:01,500,3129,2,3129,3129,3129,-1,31290,3170,2,3148,1,33692928458,62580,3124,460,3149,
rb1712,20170310,20170310,01:54:02,0,3129,2,3129,3129,3129,-1,31290,3170,2,3149,1,33692928458,62580,3124,460,3149,
rb1712,20170310,20170310,01:54:02,500,3129,2,3129,3129,3129,-1,31290,3170,2,3149,1,33692928458,62580,3124,460,3149,
rb1712,20170310,20170310,01:54:05,0,3129,2,3129,3129,3129,-1,31290,3170,2,3150,1,33692928458,62580,3124,460,3149,
rb1712,20170310,20170310,01:54:06,0,3129,2,3129,3129,3129,-1,31290,3170,2,3150,1,33692928458,62580,3124,460,3149,
rb1712,20170310,20170310,01:54:06,500,3129,2,3129,3129,3129,-1,31290,3170,2,3151,1,33692928458,62580,3124,460,3149,
rb1712,20170310,20170310,01:54:07,0,3129,2,3129,3129,3129,-1,31290,3170,2,3151,1,33692928458,62580,3124,460,3149,
rb1712,20170310,20170310,01:54:10,0,3129,2,3129,3129,3129,-1,31290,3170,2,3151,1,33692928458,62580,3124,460,3149,
rb1712,20170310,20170310,01:54:12,500,3129,2,3129,3129,3129,-1,31290,3170,2,3152,1,33692928458,62580,3124,460,3149,
rb1712,20170310,20170310,01:54:13,0,3129,2,3129,3129,3129,-1,31290,3169,1,3152,1,33692928458,62580,3124,460,3149,
rb1712,20170310,20170310,01:54:13,500,3129,2,3129,3129,3129,-1,31290,3169,1,3152,1,33692928458,62580,3124,460,3149,
rb1712,20170310,20170310,01:54:14,0,3129,2,3129,3129,3129,-1,31290,3168,2,3152,1,33692928458,62580,3124,460,3149,
rb1712,20170310,20170310,01:54:16,500,3129,2,3129,3129,3129,-1,31290,3168,2,3138,6,33692928458,62580,3124,460,3149,
rb1712,20170310,20170310,01:54:17,0,3129,2,3129,3129,3129,-1,31290,3168,2,3139,5,33692928458,62580,3124,460,3149,
rb1712,20170310,20170310,01:54:19,0,3129,2,3129,3129,3129,-1,31290,3168,2,3139,5,33692928458,62580,3124,460,3149,
rb1712,20170310,20170310,01:54:21,0,3129,2,3129,3129,3129,-1,31290,3168,2,3140,1,33692928458,62580,3124,460,3149,
rb1712,20170310,20170310,01:54:21,500,3129,2,3129,3129,3129,-1,31290,3168,2,3140,1,33692928458,62580,3124,460,3149,
rb1712,20170310,20170310,01:54:22,0,3129,2,3129,3129,3129,-1,31290,3168,2,3141,2,33692928458,62580,3124,460,3149,
rb1712,20170310,20170310,01:54:22,500,3129,2,3129,3129,3129,-1,31290,3168,2,3142,3,33692928458,62580,3124,460,3149,
rb1712,20170310,20170310,01:54:23,500,3129,2,3129,3129,3129,-1,31290,3168,2,3142,3,33692928458,62580,3124,460,3149,
rb1712,20170310,20170310,01:54:24,500,3129,2,3129,3129,3129,-1,31290,3168,2,3142,3,33692928458,62580,3124,460,3149,
rb1712,20170310,20170310,01:54:30,0,3129,2,3129,3129,3129,-1,31290,3168,2,3143,1,33692928458,62580,3124,460,3149,
rb1712,20170310,20170310,01:54:30,500,3129,2,3129,3129,3129,-1,31290,3168,2,3143,1,33692928458,62580,3124,460,3149,
rb1712,20170310,20170310,01:54:31,0,3129,2,3129,3129,3129,-1,31290,3168,2,3144,3,33692928458,62580,3124,460,3149,
rb1712,20170310,20170310,01:54:31,500,3129,2,3129,3129,3129,-1,31290,3168,2,3144,3,33692928458,62580,3124,460,3149,
rb1712,20170310,20170310,01:54:34,0,3129,2,3129,3129,3129,-1,31290,3168,2,3145,1,33692928458,62580,3124,460,3149,
rb1712,20170310,20170310,01:54:35,0,3129,2,3129,3129,3129,-1,31290,3168,2,3145,1,33692928458,62580,3124,460,3149,
rb1712,20170310,20170310,01:54:35,500,3129,2,3129,3129,3129,-1,31290,3168,2,3146,1,33692928458,62580,3124,460,3149,
rb1712,20170310,20170310,01:54:36,0,3129,2,3129,3129,3129,-1,31290,3168,2,3146,1,33692928458,62580,3124,460,3149,
